@Book{fowler,
  author    = "Martin Fowler",
  title     = "Patterns of Enterprise Application Architecture",
  publisher = "Addison Wesley",
  edition   = "1th",
  year      =  2002,
}

% Pokud potrebujeme BibTeXu napovedet, kde je nutne zachovat velka a mala 
% pismena, je potreba pouzit slozene zavorky {}. 
% Vetsinou jde o zkratky a vlastnich jmena, ktera nejsou na zacatku nazvu 
% publikace, pripadne o nazvy maker (viz napr. makro \LaTeX).


% Nekdy musime dlouhe URL odkazy zalamovat rucne, jak je ukazano nize.
% Vzdy ale uvedeme, kdy byla stranka naposledy aktualizovana, resp. pokud neni
% uvedeno, datum, kdy jsme udaje z ni nacerpali.

@Misc{CSTUG,
  key    = "web:cstug",
  author = "",
  title  = "{CSTUG} --- {\CS}{\TeX} {U}sers {G}roup --- hlavní stránka",
  note   = "\\ \verb|http://www.cstug.cz/|, stav z 2.\,3.\,2009",
}

@Misc{infodp,
  key    = "web:infodp",
  author = "",
  title  = "K336 {I}nfo --- pokyny pro psaní diplomových prací",
  note   = "\\ \verb|https://info336.felk.cvut.cz/clanek.php?id=400|, stav ze 4.\,5.\,2009",
}

@Misc{infobp,
  key    = "web:infobp",
  author = "",
  title  = "K336 {I}nfo --- pokyny pro psaní bakalářských prací",
  note   = "\\ \verb|https://info336.felk.cvut.cz/clanek.php?id=504|, stav ze 4.\,5.\,2009",
}

%
@Misc{ipe,
  key    = "web:ipe",
  author = "",
  title  = "Grafický vektorový editor pro práce vhodný pro práci {\LaTeX}em",
  note   = "\\ \verb|http://tclab.kaist.ac.kr/ipe/|, stav z 4.\,5.\,2009",
}

@Misc{info,
  key    = "web:info",
  author = "",
  title  = "K336 {I}nfo",
  note   = "\\ \verb|  http://info336.felk.cvut.cz|, stav ze 4.\,5.\,2009",
}

@Misc{latexutf,
  key = "web:latexutf",
  author = "",
  title =  "Wiki Books {\LaTeX}/{I}nternationalization",
  note =   "\\ \verb|http://en.wikibooks.org/wiki/LaTeX/Internationalization|, stav z 1.\,5.\,2009",
}


@Misc{latexwiki,
  key    = "web:latexwiki",
  author = "",
  title  = "Wiki Books {\LaTeX}",
  note   = "\\ \verb|http://en.wikibooks.org/wiki/LaTeX/|, stav z 3.\,4.\,2009",
}


@Misc{dp_jcu,
  key = "web:dpjcu",
  author =       "",
  title =        "Pokyny pro psaní {DP} na {JČU}",
  note =         "\\ \verb|http://home.pf.jcu.cz/~edpo/pravidla/pravidla.html|, stav z 8.\,12.\,2008",
}

@Misc{dp_mendel,
  key = "web:dpmendel",
  author =       "",
  title =        "Pokyny pro psaní {DP} na {M}endelově univerzitě v {B}rně",
  note =         "\\ \verb|http://old.mendelu.cz/~rybicka/zpract/#diplomky|, stav z 1.\,2.\,2008",
}

@Article{clanek,
  author =       "P. Slavík",
  title =        "Grammars and Rewriting Systems as Models for Graphical User Interfaces",
  journal =      "Cognitive Systems",
  pages =        "381--399",
  volume =       4,
  number =       "3/4",
  year =         1997,
}

@InProceedings{sbornik,
  author = 	  "M. Haindl and {\'{L}}. Kment and  P. Slavík",
  title = 	  "Virtual Information Systems",
  booktitle =     "WSCG'2000 --- Short communication papers",
  year =	  2000,
  pages =	  "22--27",
  publisher =     "University of West Bohemia, Pilsen",
}

@ONLINE{algebra:kniha,
  author = "{Petr Olšák}",
  title = "Úvod do algebry, zejména lineární",
  cited = "01.\,06.\,2013",
  year = 2013,
  url = "ftp://math.feld.cvut.cz/pub/olsak/linal/linal.pdf"
}

@ONLINE{wiki:vlastnicislo,
  author = "{Přispěvovatelé wikipedie}",
  title = "Vlastní číslo",
  cited = "01.\,06.\,2013",
  year = 2013,
  url = "http://cs.wikipedia.org/wiki/Vlastní_číslo"
}

@ONLINE{vyjimky:zpracovani,
  author = "{Jiří Semecký}",
  title = "Naučte se Javu - výjimky",
  cited = "01.\,06.\,2013",
  year = 2013,
  url = "http://interval.cz/clanky/naucte-se-javu-vyjimky/"
}

@ONLINE{vyjimky:schema,
  author = "{Pavel Mička}",
  title = "Java pro začátečníky (14) - Výjimky",
  cited = "01.\,06.\,2013",
  year = 2013,
  url = "http://www.algoritmy.net/article/23841/Vyjimky-14"
}

@ONLINE{mathtutor,
  author = "{Petr Habala}",
  title = "Math Tutor",
  cited = "01.\,06.\,2013",
  year = 2013,
  url = "http://math.feld.cvut.cz/mt/"
}

@ONLINE{05-vyrok,
  author = "{Jiří Velebil}",
  title = "Velmi jemný úvod do matematické logiky",
  cited = "01.\,06.\,2013",
  year = 2013,
  url = "ftp://math.feld.cvut.cz/pub/velebil/y01mlo/logika.pdf"
}

@ONLINE{07-mcs,
  author = "{Jiří Velebil}",
  title = "Diskrétní matematika",
  cited = "01.\,06.\,2013",
  year = 2013,
  url = "ftp://math.feld.cvut.cz/pub/velebil/y01dma/dma-notes.pdf"
}

@ONLINE{05-relace,
  author = "{Přispěvovatelé webu}",
  title = "Relace",
  cited = "01.\,06.\,2013",
  year = 2013,
  url = "http://www.matweb.cz/relace"
}

@ONLINE{11-kody,
  author = "{Vojtěch Hordějčuk}",
  title = "Kódování celých čísel v řádové mřížce",
  cited = "01.\,06.\,2013",
  year = 2013,
  url = "http://voho.cz/wiki/informatika/kodovani/mrizka-cela-cisla/"
}

@ONLINE{13-rozptylovani,
  author = "{prof. Ing. Pavel Tvrdík CSc.}",
  title = "Datové struktury - Rozptylovací tabulky",
  cited = "01.\,06.\,2013",
  year = 2013,
  url = "https://edux.fit.cvut.cz/oppa/BI-EFA/prednasky/EFA2010-2.pdf"
}

@ONLINE{14-rozdel,
  author = "{Přispěvovatelé wikipedie}",
  title = "Rozděl a panuj (algoritmus)",
  cited = "01.\,06.\,2013",
  year = 2013,
  url = "http://cs.wikipedia.org/wiki/Rozděl_a_panuj_(algoritmus)"
}

@ONLINE{14-prorezavej,
  author = "{Prořezávej a hledej}",
  title = "Java pro začátečníky (14) - Výjimky",
  cited = "01.\,06.\,2013",
  year = 2013,
  url = "http://www.algoritmy.net/article/158/Prorezavej-a-hledej"
}

@ONLINE{16-db,
  author = "{Přispěvovatelé wikipedie}",
  title = "Databáze",
  cited = "01.\,06.\,2013",
  year = 2013,
  url = "http://cs.wikipedia.org/wiki/Databáze"
}

@ONLINE{ko:ilp-sucha,
  author = "{Přemysl Šůcha}",
  title = "Celočíselné lineární programování",
  cited = "01.\,06.\,2014",
  year = 2004,
  url = "http://support.dce.felk.cvut.cz/pub/hanzalek/_private/ref/sucha_ilp.pdf"
}